{
    "symbol": "INTU",
    "annualReports": [
        {
            "fiscalDateEnding": "2022-07-31",
            "reportedCurrency": "USD",
            "grossProfit": "7184000000",
            "totalRevenue": "12726000000",
            "costOfRevenue": "5542000000",
            "costofGoodsAndServicesSold": "140000000",
            "operatingIncome": "2571000000",
            "sellingGeneralAndAdministrative": "4986000000",
            "researchAndDevelopment": "2347000000",
            "operatingExpenses": "7749000000",
            "investmentIncomeNet": "None",
            "netInterestIncome": "-81000000",
            "interestIncome": "52000000",
            "interestExpense": "81000000",
            "nonInterestIncome": "12726000000",
            "otherNonOperatingIncome": "52000000",
            "depreciation": "187000000",
            "depreciationAndAmortization": "416000000",
            "incomeBeforeTax": "2542000000",
            "incomeTaxExpense": "476000000",
            "interestAndDebtExpense": "81000000",
            "netIncomeFromContinuingOperations": "2066000000",
            "comprehensiveIncomeNetOfTax": "2030000000",
            "ebit": "2571000000",
            "ebitda": "3039000000",
            "netIncome": "2066000000"
        },
        {
            "fiscalDateEnding": "2021-07-31",
            "reportedCurrency": "USD",
            "grossProfit": "5811000000",
            "totalRevenue": "9633000000",
            "costOfRevenue": "3822000000",
            "costofGoodsAndServicesSold": "50000000",
            "operatingIncome": "2500000000",
            "sellingGeneralAndAdministrative": "3626000000",
            "researchAndDevelopment": "1678000000",
            "operatingExpenses": "5450000000",
            "investmentIncomeNet": "None",
            "netInterestIncome": "-29000000",
            "interestIncome": "85000000",
            "interestExpense": "29000000",
            "nonInterestIncome": "9633000000",
            "otherNonOperatingIncome": "85000000",
            "depreciation": "166000000",
            "depreciationAndAmortization": "146000000",
            "incomeBeforeTax": "2556000000",
            "incomeTaxExpense": "494000000",
            "interestAndDebtExpense": "29000000",
            "netIncomeFromContinuingOperations": "2062000000",
            "comprehensiveIncomeNetOfTax": "2070000000",
            "ebit": "2500000000",
            "ebitda": "2731000000",
            "netIncome": "2062000000"
        },
        {
            "fiscalDateEnding": "2020-07-31",
            "reportedCurrency": "USD",
            "grossProfit": "4910000000",
            "totalRevenue": "7679000000",
            "costOfRevenue": "2769000000",
            "costofGoodsAndServicesSold": "1378000000",
            "operatingIncome": "2176000000",
            "sellingGeneralAndAdministrative": "2727000000",
            "researchAndDevelopment": "1392000000",
            "operatingExpenses": "4125000000",
            "investmentIncomeNet": "None",
            "netInterestIncome": "-14000000",
            "interestIncome": "39000000",
            "interestExpense": "14000000",
            "nonInterestIncome": "7679000000",
            "otherNonOperatingIncome": "36000000",
            "depreciation": "189000000",
            "depreciationAndAmortization": "6000000",
            "incomeBeforeTax": "2198000000",
            "incomeTaxExpense": "372000000",
            "interestAndDebtExpense": "14000000",
            "netIncomeFromContinuingOperations": "1826000000",
            "comprehensiveIncomeNetOfTax": "1830000000",
            "ebit": "2176000000",
            "ebitda": "2218000000",
            "netIncome": "1826000000"
        },
        {
            "fiscalDateEnding": "2019-07-31",
            "reportedCurrency": "USD",
            "grossProfit": "4234000000",
            "totalRevenue": "6784000000",
            "costOfRevenue": "2550000000",
            "costofGoodsAndServicesSold": "1167000000",
            "operatingIncome": "1854000000",
            "sellingGeneralAndAdministrative": "2524000000",
            "researchAndDevelopment": "1233000000",
            "operatingExpenses": "3763000000",
            "investmentIncomeNet": "None",
            "netInterestIncome": "-15000000",
            "interestIncome": "46000000",
            "interestExpense": "15000000",
            "nonInterestIncome": "6784000000",
            "otherNonOperatingIncome": "42000000",
            "depreciation": "199000000",
            "depreciationAndAmortization": "6000000",
            "incomeBeforeTax": "1881000000",
            "incomeTaxExpense": "324000000",
            "interestAndDebtExpense": "15000000",
            "netIncomeFromContinuingOperations": "1557000000",
            "comprehensiveIncomeNetOfTax": "1557000000",
            "ebit": "1854000000",
            "ebitda": "1902000000",
            "netIncome": "1557000000"
        },
        {
            "fiscalDateEnding": "2018-07-31",
            "reportedCurrency": "USD",
            "grossProfit": "3645000000",
            "totalRevenue": "6025000000",
            "costOfRevenue": "2319000000",
            "costofGoodsAndServicesSold": "978000000",
            "operatingIncome": "1560000000",
            "sellingGeneralAndAdministrative": "2298000000",
            "researchAndDevelopment": "1186000000",
            "operatingExpenses": "3487000000",
            "investmentIncomeNet": "None",
            "netInterestIncome": "-20000000",
            "interestIncome": "None",
            "interestExpense": "20000000",
            "nonInterestIncome": "23000000",
            "otherNonOperatingIncome": "26000000",
            "depreciation": "228000000",
            "depreciationAndAmortization": "6000000",
            "incomeBeforeTax": "1566000000",
            "incomeTaxExpense": "237000000",
            "interestAndDebtExpense": "20000000",
            "netIncomeFromContinuingOperations": "1329000000",
            "comprehensiveIncomeNetOfTax": "1315000000",
            "ebit": "1560000000",
            "ebitda": "1592000000",
            "netIncome": "1329000000"
        }
    ],
    "quarterlyReports": [
        {
            "fiscalDateEnding": "2023-04-30",
            "reportedCurrency": "USD",
            "grossProfit": "4260000000",
            "totalRevenue": "5955000000",
            "costOfRevenue": "1695000000",
            "costofGoodsAndServicesSold": "40000000",
            "operatingIncome": "2778000000",
            "sellingGeneralAndAdministrative": "1535000000",
            "researchAndDevelopment": "604000000",
            "operatingExpenses": "2259000000",
            "investmentIncomeNet": "None",
            "netInterestIncome": "-66000000",
            "interestIncome": "28000000",
            "interestExpense": "66000000",
            "nonInterestIncome": "6018000000",
            "otherNonOperatingIncome": "22000000",
            "depreciation": "33000000",
            "depreciationAndAmortization": "120000000",
            "incomeBeforeTax": "2734000000",
            "incomeTaxExpense": "647000000",
            "interestAndDebtExpense": "66000000",
            "netIncomeFromContinuingOperations": "2087000000",
            "comprehensiveIncomeNetOfTax": "2089000000",
            "ebit": "2778000000",
            "ebitda": "2920000000",
            "netIncome": "2087000000"
        },
        {
            "fiscalDateEnding": "2023-01-31",
            "reportedCurrency": "USD",
            "grossProfit": "1570000000",
            "totalRevenue": "2979000000",
            "costOfRevenue": "1409000000",
            "costofGoodsAndServicesSold": "41000000",
            "operatingIncome": "270000000",
            "sellingGeneralAndAdministrative": "1247000000",
            "researchAndDevelopment": "630000000",
            "operatingExpenses": "1998000000",
            "investmentIncomeNet": "None",
            "netInterestIncome": "-65000000",
            "interestIncome": "15000000",
            "interestExpense": "65000000",
            "nonInterestIncome": "3041000000",
            "otherNonOperatingIncome": "23000000",
            "depreciation": "47000000",
            "depreciationAndAmortization": "121000000",
            "incomeBeforeTax": "228000000",
            "incomeTaxExpense": "60000000",
            "interestAndDebtExpense": "65000000",
            "netIncomeFromContinuingOperations": "168000000",
            "comprehensiveIncomeNetOfTax": "192000000",
            "ebit": "270000000",
            "ebitda": "414000000",
            "netIncome": "168000000"
        },
        {
            "fiscalDateEnding": "2022-10-31",
            "reportedCurrency": "USD",
            "grossProfit": "1290000000",
            "totalRevenue": "2551000000",
            "costOfRevenue": "1261000000",
            "costofGoodsAndServicesSold": "41000000",
            "operatingIncome": "76000000",
            "sellingGeneralAndAdministrative": "1099000000",
            "researchAndDevelopment": "625000000",
            "operatingExpenses": "1845000000",
            "investmentIncomeNet": "None",
            "netInterestIncome": "-49000000",
            "interestIncome": "14000000",
            "interestExpense": "49000000",
            "nonInterestIncome": "2597000000",
            "otherNonOperatingIncome": "5000000",
            "depreciation": "47000000",
            "depreciationAndAmortization": "121000000",
            "incomeBeforeTax": "32000000",
            "incomeTaxExpense": "-8000000",
            "interestAndDebtExpense": "49000000",
            "netIncomeFromContinuingOperations": "40000000",
            "comprehensiveIncomeNetOfTax": "13000000",
            "ebit": "76000000",
            "ebitda": "202000000",
            "netIncome": "40000000"
        },
        {
            "fiscalDateEnding": "2022-07-31",
            "reportedCurrency": "USD",
            "grossProfit": "1146000000",
            "totalRevenue": "2449000000",
            "costOfRevenue": "1303000000",
            "costofGoodsAndServicesSold": "41000000",
            "operatingIncome": "-75000000",
            "sellingGeneralAndAdministrative": "1141000000",
            "researchAndDevelopment": "627000000",
            "operatingExpenses": "1889000000",
            "investmentIncomeNet": "None",
            "netInterestIncome": "-32000000",
            "interestIncome": "8000000",
            "interestExpense": "32000000",
            "nonInterestIncome": "2414000000",
            "otherNonOperatingIncome": "8000000",
            "depreciation": "45000000",
            "depreciationAndAmortization": "121000000",
            "incomeBeforeTax": "-99000000",
            "incomeTaxExpense": "-43000000",
            "interestAndDebtExpense": "32000000",
            "netIncomeFromContinuingOperations": "-56000000",
            "comprehensiveIncomeNetOfTax": "-63000000",
            "ebit": "-75000000",
            "ebitda": "54000000",
            "netIncome": "-56000000"
        },
        {
            "fiscalDateEnding": "2022-04-30",
            "reportedCurrency": "USD",
            "grossProfit": "3760000000",
            "totalRevenue": "5615000000",
            "costOfRevenue": "1855000000",
            "costofGoodsAndServicesSold": "42000000",
            "operatingIncome": "2395000000",
            "sellingGeneralAndAdministrative": "1692000000",
            "researchAndDevelopment": "600000000",
            "operatingExpenses": "2413000000",
            "investmentIncomeNet": "None",
            "netInterestIncome": "-21000000",
            "interestIncome": "2000000",
            "interestExpense": "21000000",
            "nonInterestIncome": "5632000000",
            "otherNonOperatingIncome": "-1000000",
            "depreciation": "46000000",
            "depreciationAndAmortization": "121000000",
            "incomeBeforeTax": "2373000000",
            "incomeTaxExpense": "579000000",
            "interestAndDebtExpense": "21000000",
            "netIncomeFromContinuingOperations": "1794000000",
            "comprehensiveIncomeNetOfTax": "1775000000",
            "ebit": "2395000000",
            "ebitda": "2515000000",
            "netIncome": "1794000000"
        },
        {
            "fiscalDateEnding": "2022-01-31",
            "reportedCurrency": "USD",
            "grossProfit": "1153000000",
            "totalRevenue": "2657000000",
            "costOfRevenue": "1504000000",
            "costofGoodsAndServicesSold": "42000000",
            "operatingIncome": "56000000",
            "sellingGeneralAndAdministrative": "1341000000",
            "researchAndDevelopment": "590000000",
            "operatingExpenses": "2052000000",
            "investmentIncomeNet": "None",
            "netInterestIncome": "-21000000",
            "interestIncome": "None",
            "interestExpense": "21000000",
            "nonInterestIncome": "2673000000",
            "otherNonOperatingIncome": "-5000000",
            "depreciation": "51000000",
            "depreciationAndAmortization": "121000000",
            "incomeBeforeTax": "30000000",
            "incomeTaxExpense": "-70000000",
            "interestAndDebtExpense": "21000000",
            "netIncomeFromContinuingOperations": "100000000",
            "comprehensiveIncomeNetOfTax": "95000000",
            "ebit": "56000000",
            "ebitda": "172000000",
            "netIncome": "100000000"
        },
        {
            "fiscalDateEnding": "2021-10-31",
            "reportedCurrency": "USD",
            "grossProfit": "1125000000",
            "totalRevenue": "2005000000",
            "costOfRevenue": "880000000",
            "costofGoodsAndServicesSold": "15000000",
            "operatingIncome": "195000000",
            "sellingGeneralAndAdministrative": "812000000",
            "researchAndDevelopment": "530000000",
            "operatingExpenses": "1395000000",
            "investmentIncomeNet": "None",
            "netInterestIncome": "-7000000",
            "interestIncome": "5000000",
            "interestExpense": "7000000",
            "nonInterestIncome": "2007000000",
            "otherNonOperatingIncome": "50000000",
            "depreciation": "45000000",
            "depreciationAndAmortization": "53000000",
            "incomeBeforeTax": "238000000",
            "incomeTaxExpense": "10000000",
            "interestAndDebtExpense": "7000000",
            "netIncomeFromContinuingOperations": "228000000",
            "comprehensiveIncomeNetOfTax": "223000000",
            "ebit": "195000000",
            "ebitda": "298000000",
            "netIncome": "228000000"
        },
        {
            "fiscalDateEnding": "2021-07-31",
            "reportedCurrency": "USD",
            "grossProfit": "1383000000",
            "totalRevenue": "2571000000",
            "costOfRevenue": "1188000000",
            "costofGoodsAndServicesSold": "15000000",
            "operatingIncome": "402000000",
            "sellingGeneralAndAdministrative": "1119000000",
            "researchAndDevelopment": "521000000",
            "operatingExpenses": "1694000000",
            "investmentIncomeNet": "None",
            "netInterestIncome": "-7000000",
            "interestIncome": "8000000",
            "interestExpense": "7000000",
            "nonInterestIncome": "2561000000",
            "otherNonOperatingIncome": "8000000",
            "depreciation": "44000000",
            "depreciationAndAmortization": "54000000",
            "incomeBeforeTax": "403000000",
            "incomeTaxExpense": "23000000",
            "interestAndDebtExpense": "7000000",
            "netIncomeFromContinuingOperations": "380000000",
            "comprehensiveIncomeNetOfTax": "380000000",
            "ebit": "402000000",
            "ebitda": "464000000",
            "netIncome": "380000000"
        },
        {
            "fiscalDateEnding": "2021-04-30",
            "reportedCurrency": "USD",
            "grossProfit": "2956000000",
            "totalRevenue": "4170000000",
            "costOfRevenue": "1214000000",
            "costofGoodsAndServicesSold": "14000000",
            "operatingIncome": "1914000000",
            "sellingGeneralAndAdministrative": "1146000000",
            "researchAndDevelopment": "464000000",
            "operatingExpenses": "1664000000",
            "investmentIncomeNet": "None",
            "netInterestIncome": "-7000000",
            "interestIncome": "14000000",
            "interestExpense": "7000000",
            "nonInterestIncome": "4173000000",
            "otherNonOperatingIncome": "14000000",
            "depreciation": "45000000",
            "depreciationAndAmortization": "54000000",
            "incomeBeforeTax": "1921000000",
            "incomeTaxExpense": "457000000",
            "interestAndDebtExpense": "7000000",
            "netIncomeFromContinuingOperations": "1464000000",
            "comprehensiveIncomeNetOfTax": "1463000000",
            "ebit": "1914000000",
            "ebitda": "1982000000",
            "netIncome": "1464000000"
        },
        {
            "fiscalDateEnding": "2021-01-31",
            "reportedCurrency": "USD",
            "grossProfit": "693000000",
            "totalRevenue": "1573000000",
            "costOfRevenue": "880000000",
            "costofGoodsAndServicesSold": "14000000",
            "operatingIncome": "-25000000",
            "sellingGeneralAndAdministrative": "830000000",
            "researchAndDevelopment": "368000000",
            "operatingExpenses": "1234000000",
            "investmentIncomeNet": "None",
            "netInterestIncome": "-7000000",
            "interestIncome": "2000000",
            "interestExpense": "7000000",
            "nonInterestIncome": "1576000000",
            "otherNonOperatingIncome": "54000000",
            "depreciation": "40000000",
            "depreciationAndAmortization": "36000000",
            "incomeBeforeTax": "22000000",
            "incomeTaxExpense": "2000000",
            "interestAndDebtExpense": "7000000",
            "netIncomeFromContinuingOperations": "20000000",
            "comprehensiveIncomeNetOfTax": "32000000",
            "ebit": "-25000000",
            "ebitda": "65000000",
            "netIncome": "20000000"
        },
        {
            "fiscalDateEnding": "2020-10-31",
            "reportedCurrency": "USD",
            "grossProfit": "769000000",
            "totalRevenue": "1319000000",
            "costOfRevenue": "550000000",
            "costofGoodsAndServicesSold": "7000000",
            "operatingIncome": "209000000",
            "sellingGeneralAndAdministrative": "531000000",
            "researchAndDevelopment": "325000000",
            "operatingExpenses": "868000000",
            "investmentIncomeNet": "None",
            "netInterestIncome": "-8000000",
            "interestIncome": "3000000",
            "interestExpense": "8000000",
            "nonInterestIncome": "1323000000",
            "otherNonOperatingIncome": "9000000",
            "depreciation": "37000000",
            "depreciationAndAmortization": "2000000",
            "incomeBeforeTax": "210000000",
            "incomeTaxExpense": "12000000",
            "interestAndDebtExpense": "8000000",
            "netIncomeFromContinuingOperations": "198000000",
            "comprehensiveIncomeNetOfTax": "195000000",
            "ebit": "209000000",
            "ebitda": "220000000",
            "netIncome": "198000000"
        },
        {
            "fiscalDateEnding": "2020-07-31",
            "reportedCurrency": "USD",
            "grossProfit": "1494000000",
            "totalRevenue": "1816000000",
            "costOfRevenue": "322000000",
            "costofGoodsAndServicesSold": "322000000",
            "operatingIncome": "483000000",
            "sellingGeneralAndAdministrative": "617000000",
            "researchAndDevelopment": "393000000",
            "operatingExpenses": "1011000000",
            "investmentIncomeNet": "None",
            "netInterestIncome": "-7000000",
            "interestIncome": "6000000",
            "interestExpense": "7000000",
            "nonInterestIncome": "1816000000",
            "otherNonOperatingIncome": "10000000",
            "depreciation": "44000000",
            "depreciationAndAmortization": "1000000",
            "incomeBeforeTax": "486000000",
            "incomeTaxExpense": "41000000",
            "interestAndDebtExpense": "7000000",
            "netIncomeFromContinuingOperations": "483000000",
            "comprehensiveIncomeNetOfTax": "457000000",
            "ebit": "483000000",
            "ebitda": "494000000",
            "netIncome": "445000000"
        },
        {
            "fiscalDateEnding": "2020-04-30",
            "reportedCurrency": "USD",
            "grossProfit": "2169000000",
            "totalRevenue": "3002000000",
            "costOfRevenue": "836000000",
            "costofGoodsAndServicesSold": "426000000",
            "operatingIncome": "1413000000",
            "sellingGeneralAndAdministrative": "829000000",
            "researchAndDevelopment": "332000000",
            "operatingExpenses": "1163000000",
            "investmentIncomeNet": "None",
            "netInterestIncome": "-2000000",
            "interestIncome": "10000000",
            "interestExpense": "2000000",
            "nonInterestIncome": "3002000000",
            "otherNonOperatingIncome": "-3000000",
            "depreciation": "47000000",
            "depreciationAndAmortization": "2000000",
            "incomeBeforeTax": "1408000000",
            "incomeTaxExpense": "324000000",
            "interestAndDebtExpense": "2000000",
            "netIncomeFromContinuingOperations": "1084000000",
            "comprehensiveIncomeNetOfTax": "1075000000",
            "ebit": "1413000000",
            "ebitda": "1412000000",
            "netIncome": "1084000000"
        },
        {
            "fiscalDateEnding": "2020-01-31",
            "reportedCurrency": "USD",
            "grossProfit": "941000000",
            "totalRevenue": "1696000000",
            "costOfRevenue": "759000000",
            "costofGoodsAndServicesSold": "340000000",
            "operatingIncome": "270000000",
            "sellingGeneralAndAdministrative": "752000000",
            "researchAndDevelopment": "333000000",
            "operatingExpenses": "1086000000",
            "investmentIncomeNet": "None",
            "netInterestIncome": "-3000000",
            "interestIncome": "11000000",
            "interestExpense": "3000000",
            "nonInterestIncome": "1696000000",
            "otherNonOperatingIncome": "15000000",
            "depreciation": "49000000",
            "depreciationAndAmortization": "1000000",
            "incomeBeforeTax": "282000000",
            "incomeTaxExpense": "42000000",
            "interestAndDebtExpense": "3000000",
            "netIncomeFromContinuingOperations": "240000000",
            "comprehensiveIncomeNetOfTax": "240000000",
            "ebit": "270000000",
            "ebitda": "286000000",
            "netIncome": "240000000"
        },
        {
            "fiscalDateEnding": "2019-10-31",
            "reportedCurrency": "USD",
            "grossProfit": "633000000",
            "totalRevenue": "1165000000",
            "costOfRevenue": "537000000",
            "costofGoodsAndServicesSold": "290000000",
            "operatingIncome": "10000000",
            "sellingGeneralAndAdministrative": "529000000",
            "researchAndDevelopment": "334000000",
            "operatingExpenses": "865000000",
            "investmentIncomeNet": "None",
            "netInterestIncome": "-2000000",
            "interestIncome": "12000000",
            "interestExpense": "2000000",
            "nonInterestIncome": "1165000000",
            "otherNonOperatingIncome": "14000000",
            "depreciation": "49000000",
            "depreciationAndAmortization": "2000000",
            "incomeBeforeTax": "22000000",
            "incomeTaxExpense": "-35000000",
            "interestAndDebtExpense": "2000000",
            "netIncomeFromContinuingOperations": "57000000",
            "comprehensiveIncomeNetOfTax": "58000000",
            "ebit": "10000000",
            "ebitda": "26000000",
            "netIncome": "57000000"
        },
        {
            "fiscalDateEnding": "2019-07-31",
            "reportedCurrency": "USD",
            "grossProfit": "713000000",
            "totalRevenue": "994000000",
            "costOfRevenue": "281000000",
            "costofGoodsAndServicesSold": "281000000",
            "operatingIncome": "-153000000",
            "sellingGeneralAndAdministrative": "531000000",
            "researchAndDevelopment": "333000000",
            "operatingExpenses": "866000000",
            "investmentIncomeNet": "None",
            "netInterestIncome": "-3000000",
            "interestIncome": "19000000",
            "interestExpense": "3000000",
            "nonInterestIncome": "994000000",
            "otherNonOperatingIncome": "19000000",
            "depreciation": "52000000",
            "depreciationAndAmortization": "2000000",
            "incomeBeforeTax": "-137000000",
            "incomeTaxExpense": "-93000000",
            "interestAndDebtExpense": "3000000",
            "netIncomeFromContinuingOperations": "-153000000",
            "comprehensiveIncomeNetOfTax": "-42000000",
            "ebit": "-153000000",
            "ebitda": "-132000000",
            "netIncome": "-44000000"
        },
        {
            "fiscalDateEnding": "2019-04-30",
            "reportedCurrency": "USD",
            "grossProfit": "2440000000",
            "totalRevenue": "3272000000",
            "costOfRevenue": "828000000",
            "costofGoodsAndServicesSold": "354000000",
            "operatingIncome": "1784000000",
            "sellingGeneralAndAdministrative": "822000000",
            "researchAndDevelopment": "311000000",
            "operatingExpenses": "1134000000",
            "investmentIncomeNet": "None",
            "netInterestIncome": "-4000000",
            "interestIncome": "10000000",
            "interestExpense": "4000000",
            "nonInterestIncome": "3272000000",
            "otherNonOperatingIncome": "17000000",
            "depreciation": "48000000",
            "depreciationAndAmortization": "1000000",
            "incomeBeforeTax": "1797000000",
            "incomeTaxExpense": "419000000",
            "interestAndDebtExpense": "4000000",
            "netIncomeFromContinuingOperations": "1378000000",
            "comprehensiveIncomeNetOfTax": "1376000000",
            "ebit": "1784000000",
            "ebitda": "1802000000",
            "netIncome": "1378000000"
        },
        {
            "fiscalDateEnding": "2019-01-31",
            "reportedCurrency": "USD",
            "grossProfit": "804000000",
            "totalRevenue": "1502000000",
            "costOfRevenue": "694000000",
            "costofGoodsAndServicesSold": "285000000",
            "operatingIncome": "233000000",
            "sellingGeneralAndAdministrative": "688000000",
            "researchAndDevelopment": "295000000",
            "operatingExpenses": "984000000",
            "investmentIncomeNet": "None",
            "netInterestIncome": "-4000000",
            "interestIncome": "None",
            "interestExpense": "4000000",
            "nonInterestIncome": "1502000000",
            "otherNonOperatingIncome": "6000000",
            "depreciation": "48000000",
            "depreciationAndAmortization": "1000000",
            "incomeBeforeTax": "235000000",
            "incomeTaxExpense": "46000000",
            "interestAndDebtExpense": "4000000",
            "netIncomeFromContinuingOperations": "189000000",
            "comprehensiveIncomeNetOfTax": "193000000",
            "ebit": "233000000",
            "ebitda": "240000000",
            "netIncome": "189000000"
        },
        {
            "fiscalDateEnding": "2018-10-31",
            "reportedCurrency": "USD",
            "grossProfit": "522000000",
            "totalRevenue": "1016000000",
            "costOfRevenue": "490000000",
            "costofGoodsAndServicesSold": "247000000",
            "operatingIncome": "-10000000",
            "sellingGeneralAndAdministrative": "483000000",
            "researchAndDevelopment": "294000000",
            "operatingExpenses": "779000000",
            "investmentIncomeNet": "None",
            "netInterestIncome": "-4000000",
            "interestIncome": "None",
            "interestExpense": "4000000",
            "nonInterestIncome": "1016000000",
            "otherNonOperatingIncome": "0",
            "depreciation": "51000000",
            "depreciationAndAmortization": "2000000",
            "incomeBeforeTax": "-14000000",
            "incomeTaxExpense": "-48000000",
            "interestAndDebtExpense": "4000000",
            "netIncomeFromContinuingOperations": "34000000",
            "comprehensiveIncomeNetOfTax": "30000000",
            "ebit": "-10000000",
            "ebitda": "-8000000",
            "netIncome": "34000000"
        },
        {
            "fiscalDateEnding": "2018-07-31",
            "reportedCurrency": "USD",
            "grossProfit": "757000000",
            "totalRevenue": "864000000",
            "costOfRevenue": "231000000",
            "costofGoodsAndServicesSold": "229000000",
            "operatingIncome": "-200000000",
            "sellingGeneralAndAdministrative": "525000000",
            "researchAndDevelopment": "311000000",
            "operatingExpenses": "835000000",
            "investmentIncomeNet": "None",
            "netInterestIncome": "-4000000",
            "interestIncome": "None",
            "interestExpense": "4000000",
            "nonInterestIncome": "-5138000000",
            "otherNonOperatingIncome": "11000000",
            "depreciation": "55000000",
            "depreciationAndAmortization": "2000000",
            "incomeBeforeTax": "-193000000",
            "incomeTaxExpense": "-155000000",
            "interestAndDebtExpense": "4000000",
            "netIncomeFromContinuingOperations": "167000000",
            "comprehensiveIncomeNetOfTax": "-42000000",
            "ebit": "-200000000",
            "ebitda": "-187000000",
            "netIncome": "-38000000"
        }
    ]
}