{
    "symbol": "SQ",
    "annualReports": [
        {
            "fiscalDateEnding": "2022-12-31",
            "reportedCurrency": "USD",
            "grossProfit": "5991892000",
            "totalRevenue": "17531587000",
            "costOfRevenue": "11539695000",
            "costofGoodsAndServicesSold": "70194000",
            "operatingIncome": "-624532000",
            "sellingGeneralAndAdministrative": "3744800000",
            "researchAndDevelopment": "2135612000",
            "operatingExpenses": "6019170000",
            "investmentIncomeNet": "None",
            "netInterestIncome": "-36228000",
            "interestIncome": "37229000",
            "interestExpense": "36228000",
            "nonInterestIncome": "0",
            "otherNonOperatingIncome": "95443000",
            "depreciation": "131500000",
            "depreciationAndAmortization": "138758000",
            "incomeBeforeTax": "-553059000",
            "incomeTaxExpense": "-12312000",
            "interestAndDebtExpense": "0",
            "netIncomeFromContinuingOperations": "-553005000",
            "comprehensiveIncomeNetOfTax": "-1059660000",
            "ebit": "-624532000",
            "ebitda": "-485774000",
            "netIncome": "-540747000"
        },
        {
            "fiscalDateEnding": "2021-12-31",
            "reportedCurrency": "USD",
            "grossProfit": "4419823000",
            "totalRevenue": "17661203000",
            "costOfRevenue": "13241380000",
            "costofGoodsAndServicesSold": "22645000",
            "operatingIncome": "161112000",
            "sellingGeneralAndAdministrative": "2600515000",
            "researchAndDevelopment": "1383841000",
            "operatingExpenses": "3999594000",
            "investmentIncomeNet": "25000000",
            "netInterestIncome": "-33124000",
            "interestIncome": "24976000",
            "interestExpense": "58100000",
            "nonInterestIncome": "44400000",
            "otherNonOperatingIncome": "29474000",
            "depreciation": "94200000",
            "depreciationAndAmortization": "15747000",
            "incomeBeforeTax": "164920000",
            "incomeTaxExpense": "-1364000",
            "interestAndDebtExpense": "58100000",
            "netIncomeFromContinuingOperations": "158826000",
            "comprehensiveIncomeNetOfTax": "119063000",
            "ebit": "223020000",
            "ebitda": "238767000",
            "netIncome": "166284000"
        },
        {
            "fiscalDateEnding": "2020-12-31",
            "reportedCurrency": "USD",
            "grossProfit": "2733409000",
            "totalRevenue": "9497578000",
            "costOfRevenue": "6764169000",
            "costofGoodsAndServicesSold": "143901000",
            "operatingIncome": "-18815000",
            "sellingGeneralAndAdministrative": "1688873000",
            "researchAndDevelopment": "881826000",
            "operatingExpenses": "2573145000",
            "investmentIncomeNet": "18300000",
            "netInterestIncome": "-56943000",
            "interestIncome": "18257000",
            "interestExpense": "75200000",
            "nonInterestIncome": "269649000",
            "otherNonOperatingIncome": "291725000",
            "depreciation": "65000000",
            "depreciationAndAmortization": "2446000",
            "incomeBeforeTax": "215967000",
            "incomeTaxExpense": "2862000",
            "interestAndDebtExpense": "81851000",
            "netIncomeFromContinuingOperations": "213105000",
            "comprehensiveIncomeNetOfTax": "234804000",
            "ebit": "291167000",
            "ebitda": "293613000",
            "netIncome": "213105000"
        },
        {
            "fiscalDateEnding": "2019-12-31",
            "reportedCurrency": "USD",
            "grossProfit": "1889685000",
            "totalRevenue": "4713500000",
            "costOfRevenue": "2823815000",
            "costofGoodsAndServicesSold": "136385000",
            "operatingIncome": "26557000",
            "sellingGeneralAndAdministrative": "1061082000",
            "researchAndDevelopment": "674165000",
            "operatingExpenses": "1736717000",
            "investmentIncomeNet": "23400000",
            "netInterestIncome": "-21516000",
            "interestIncome": "23384000",
            "interestExpense": "44900000",
            "nonInterestIncome": "0",
            "otherNonOperatingIncome": "-273000",
            "depreciation": "60600000",
            "depreciationAndAmortization": "5029000",
            "incomeBeforeTax": "378213000",
            "incomeTaxExpense": "2767000",
            "interestAndDebtExpense": "0",
            "netIncomeFromContinuingOperations": "375446000",
            "comprehensiveIncomeNetOfTax": "383128000",
            "ebit": "423113000",
            "ebitda": "428142000",
            "netIncome": "375446000"
        },
        {
            "fiscalDateEnding": "2018-12-31",
            "reportedCurrency": "USD",
            "grossProfit": "1303700000",
            "totalRevenue": "3298177000",
            "costOfRevenue": "1994477000",
            "costofGoodsAndServicesSold": "94114000",
            "operatingIncome": "-36614000",
            "sellingGeneralAndAdministrative": "750396000",
            "researchAndDevelopment": "497479000",
            "operatingExpenses": "1340314000",
            "investmentIncomeNet": "19800000",
            "netInterestIncome": "-17982000",
            "interestIncome": "19818000",
            "interestExpense": "37800000",
            "nonInterestIncome": "3200453000",
            "otherNonOperatingIncome": "18469000",
            "depreciation": "46800000",
            "depreciationAndAmortization": "60961000",
            "incomeBeforeTax": "-36127000",
            "incomeTaxExpense": "2326000",
            "interestAndDebtExpense": "5047000",
            "netIncomeFromContinuingOperations": "-38453000",
            "comprehensiveIncomeNetOfTax": "-43188000",
            "ebit": "1673000",
            "ebitda": "24347000",
            "netIncome": "-38453000"
        }
    ],
    "quarterlyReports": [
        {
            "fiscalDateEnding": "2023-06-30",
            "reportedCurrency": "USD",
            "grossProfit": "1866101000",
            "totalRevenue": "5534957000",
            "costOfRevenue": "3668856000",
            "costofGoodsAndServicesSold": "18392000",
            "operatingIncome": "-132107000",
            "sellingGeneralAndAdministrative": "1086900000",
            "researchAndDevelopment": "694672000",
            "operatingExpenses": "1818437000",
            "investmentIncomeNet": "None",
            "netInterestIncome": "3944000",
            "interestIncome": "2574000",
            "interestExpense": "3944000",
            "nonInterestIncome": "None",
            "otherNonOperatingIncome": "-1379000",
            "depreciation": "None",
            "depreciationAndAmortization": "36865000",
            "incomeBeforeTax": "-126206000",
            "incomeTaxExpense": "-3700000",
            "interestAndDebtExpense": "None",
            "netIncomeFromContinuingOperations": "-125842000",
            "comprehensiveIncomeNetOfTax": "-87323000",
            "ebit": "-132107000",
            "ebitda": "-95242000",
            "netIncome": "-122506000"
        },
        {
            "fiscalDateEnding": "2023-03-31",
            "reportedCurrency": "USD",
            "grossProfit": "1714584000",
            "totalRevenue": "4990131000",
            "costOfRevenue": "3275547000",
            "costofGoodsAndServicesSold": "18508000",
            "operatingIncome": "-6172000",
            "sellingGeneralAndAdministrative": "928836000",
            "researchAndDevelopment": "626937000",
            "operatingExpenses": "1592860000",
            "investmentIncomeNet": "None",
            "netInterestIncome": "3161000",
            "interestIncome": "11724000",
            "interestExpense": "3161000",
            "nonInterestIncome": "None",
            "otherNonOperatingIncome": "-18371000",
            "depreciation": "None",
            "depreciationAndAmortization": "37087000",
            "incomeBeforeTax": "-18894000",
            "incomeTaxExpense": "-2056000",
            "interestAndDebtExpense": "None",
            "netIncomeFromContinuingOperations": "-19326000",
            "comprehensiveIncomeNetOfTax": "-66309000",
            "ebit": "-6172000",
            "ebitda": "30915000",
            "netIncome": "-16838000"
        },
        {
            "fiscalDateEnding": "2022-12-31",
            "reportedCurrency": "USD",
            "grossProfit": "1660195000",
            "totalRevenue": "4650902000",
            "costOfRevenue": "2990707000",
            "costofGoodsAndServicesSold": "18320000",
            "operatingIncome": "-135181000",
            "sellingGeneralAndAdministrative": "991267000",
            "researchAndDevelopment": "604524000",
            "operatingExpenses": "1593555000",
            "investmentIncomeNet": "None",
            "netInterestIncome": "-1472000",
            "interestIncome": "28071000",
            "interestExpense": "1472000",
            "nonInterestIncome": "None",
            "otherNonOperatingIncome": "24407000",
            "depreciation": "37200000",
            "depreciationAndAmortization": "35344000",
            "incomeBeforeTax": "-108448000",
            "incomeTaxExpense": "5375000",
            "interestAndDebtExpense": "None",
            "netIncomeFromContinuingOperations": "-117621000",
            "comprehensiveIncomeNetOfTax": "397468000",
            "ebit": "-135181000",
            "ebitda": "-99837000",
            "netIncome": "-113823000"
        },
        {
            "fiscalDateEnding": "2022-09-30",
            "reportedCurrency": "USD",
            "grossProfit": "1567089000",
            "totalRevenue": "4515541000",
            "costOfRevenue": "2948452000",
            "costofGoodsAndServicesSold": "18506000",
            "operatingIncome": "-48789000",
            "sellingGeneralAndAdministrative": "881275000",
            "researchAndDevelopment": "548037000",
            "operatingExpenses": "1468292000",
            "investmentIncomeNet": "None",
            "netInterestIncome": "-6042000",
            "interestIncome": "6754000",
            "interestExpense": "6042000",
            "nonInterestIncome": "None",
            "otherNonOperatingIncome": "18798000",
            "depreciation": "32900000",
            "depreciationAndAmortization": "37361000",
            "incomeBeforeTax": "-32000000",
            "incomeTaxExpense": "-17289000",
            "interestAndDebtExpense": "None",
            "netIncomeFromContinuingOperations": "-18744000",
            "comprehensiveIncomeNetOfTax": "-631434000",
            "ebit": "-48789000",
            "ebitda": "-11428000",
            "netIncome": "-14711000"
        },
        {
            "fiscalDateEnding": "2022-06-30",
            "reportedCurrency": "USD",
            "grossProfit": "1469648000",
            "totalRevenue": "4404499000",
            "costOfRevenue": "2934851000",
            "costofGoodsAndServicesSold": "17899000",
            "operatingIncome": "-213773000",
            "sellingGeneralAndAdministrative": "926547000",
            "researchAndDevelopment": "524827000",
            "operatingExpenses": "1526763000",
            "investmentIncomeNet": "None",
            "netInterestIncome": "-12966000",
            "interestIncome": "18081000",
            "interestExpense": "12966000",
            "nonInterestIncome": "None",
            "otherNonOperatingIncome": "18766000",
            "depreciation": "33500000",
            "depreciationAndAmortization": "39389000",
            "incomeBeforeTax": "-206714000",
            "incomeTaxExpense": "1304000",
            "interestAndDebtExpense": "None",
            "netIncomeFromContinuingOperations": "-209273000",
            "comprehensiveIncomeNetOfTax": "-856287000",
            "ebit": "-213773000",
            "ebitda": "-174384000",
            "netIncome": "-208014000"
        },
        {
            "fiscalDateEnding": "2022-03-31",
            "reportedCurrency": "USD",
            "grossProfit": "1294960000",
            "totalRevenue": "3960645000",
            "costOfRevenue": "2665685000",
            "costofGoodsAndServicesSold": "15469000",
            "operatingIncome": "-226789000",
            "sellingGeneralAndAdministrative": "945838000",
            "researchAndDevelopment": "458224000",
            "operatingExpenses": "1472759000",
            "investmentIncomeNet": "None",
            "netInterestIncome": "-15748000",
            "interestIncome": "33993000",
            "interestExpense": "15748000",
            "nonInterestIncome": "None",
            "otherNonOperatingIncome": "33472000",
            "depreciation": "27900000",
            "depreciationAndAmortization": "42160000",
            "incomeBeforeTax": "-205901000",
            "incomeTaxExpense": "-1702000",
            "interestAndDebtExpense": "None",
            "netIncomeFromContinuingOperations": "-207363000",
            "comprehensiveIncomeNetOfTax": "30593000",
            "ebit": "-226789000",
            "ebitda": "-184629000",
            "netIncome": "-204199000"
        },
        {
            "fiscalDateEnding": "2021-12-31",
            "reportedCurrency": "USD",
            "grossProfit": "1182043000",
            "totalRevenue": "4078534000",
            "costOfRevenue": "2896491000",
            "costofGoodsAndServicesSold": "6589000",
            "operatingIncome": "-54614000",
            "sellingGeneralAndAdministrative": "783699000",
            "researchAndDevelopment": "391343000",
            "operatingExpenses": "1081156000",
            "investmentIncomeNet": "None",
            "netInterestIncome": "-12998000",
            "interestIncome": "18513000",
            "interestExpense": "12998000",
            "nonInterestIncome": "0",
            "otherNonOperatingIncome": "-6775000",
            "depreciation": "25800000",
            "depreciationAndAmortization": "-11511000",
            "incomeBeforeTax": "-70193000",
            "incomeTaxExpense": "6636000",
            "interestAndDebtExpense": "58100000",
            "netIncomeFromContinuingOperations": "-81023000",
            "comprehensiveIncomeNetOfTax": "-93311000",
            "ebit": "-54614000",
            "ebitda": "-66125000",
            "netIncome": "-76829000"
        },
        {
            "fiscalDateEnding": "2021-09-30",
            "reportedCurrency": "USD",
            "grossProfit": "1133215000",
            "totalRevenue": "3844727000",
            "costOfRevenue": "2711512000",
            "costofGoodsAndServicesSold": "6351000",
            "operatingIncome": "22996000",
            "sellingGeneralAndAdministrative": "675326000",
            "researchAndDevelopment": "360729000",
            "operatingExpenses": "1059053000",
            "investmentIncomeNet": "None",
            "netInterestIncome": "-13409000",
            "interestIncome": "20245000",
            "interestExpense": "13409000",
            "nonInterestIncome": "0",
            "otherNonOperatingIncome": "-12011000",
            "depreciation": "27000000",
            "depreciationAndAmortization": "11140000",
            "incomeBeforeTax": "536000",
            "incomeTaxExpense": "452000",
            "interestAndDebtExpense": "0",
            "netIncomeFromContinuingOperations": "-2924000",
            "comprehensiveIncomeNetOfTax": "-15165000",
            "ebit": "22996000",
            "ebitda": "34136000",
            "netIncome": "84000"
        },
        {
            "fiscalDateEnding": "2021-06-30",
            "reportedCurrency": "USD",
            "grossProfit": "1141064000",
            "totalRevenue": "4680672000",
            "costOfRevenue": "3539608000",
            "costofGoodsAndServicesSold": "5405000",
            "operatingIncome": "124994000",
            "sellingGeneralAndAdministrative": "596121000",
            "researchAndDevelopment": "324059000",
            "operatingExpenses": "977131000",
            "investmentIncomeNet": "None",
            "netInterestIncome": "-6464000",
            "interestIncome": "70280000",
            "interestExpense": "6464000",
            "nonInterestIncome": "73300000",
            "otherNonOperatingIncome": "75788000",
            "depreciation": "19200000",
            "depreciationAndAmortization": "9234000",
            "incomeBeforeTax": "194661000",
            "incomeTaxExpense": "-9360000",
            "interestAndDebtExpense": "0",
            "netIncomeFromContinuingOperations": "203678000",
            "comprehensiveIncomeNetOfTax": "201660000",
            "ebit": "124994000",
            "ebitda": "134228000",
            "netIncome": "204021000"
        },
        {
            "fiscalDateEnding": "2021-03-31",
            "reportedCurrency": "USD",
            "grossProfit": "963501000",
            "totalRevenue": "5057270000",
            "costOfRevenue": "4093769000",
            "costofGoodsAndServicesSold": "4300000",
            "operatingIncome": "67736000",
            "sellingGeneralAndAdministrative": "545369000",
            "researchAndDevelopment": "310141000",
            "operatingExpenses": "880791000",
            "investmentIncomeNet": "None",
            "netInterestIncome": "-253000",
            "interestIncome": "29153000",
            "interestExpense": "253000",
            "nonInterestIncome": "-28900000",
            "otherNonOperatingIncome": "-27528000",
            "depreciation": "22300000",
            "depreciationAndAmortization": "6884000",
            "incomeBeforeTax": "39955000",
            "incomeTaxExpense": "947000",
            "interestAndDebtExpense": "0",
            "netIncomeFromContinuingOperations": "39008000",
            "comprehensiveIncomeNetOfTax": "25879000",
            "ebit": "67736000",
            "ebitda": "74620000",
            "netIncome": "39008000"
        },
        {
            "fiscalDateEnding": "2020-12-31",
            "reportedCurrency": "USD",
            "grossProfit": "803690000",
            "totalRevenue": "3158970000",
            "costOfRevenue": "2355280000",
            "costofGoodsAndServicesSold": "2355280000",
            "operatingIncome": "45183000",
            "sellingGeneralAndAdministrative": "487996000",
            "researchAndDevelopment": "250670000",
            "operatingExpenses": "728165000",
            "investmentIncomeNet": "None",
            "netInterestIncome": "-17988000",
            "interestIncome": "256311000",
            "interestExpense": "17988000",
            "nonInterestIncome": "272042000",
            "otherNonOperatingIncome": "271212000",
            "depreciation": "16800000",
            "depreciationAndAmortization": "-13279000",
            "incomeBeforeTax": "298407000",
            "incomeTaxExpense": "4448000",
            "interestAndDebtExpense": "79458000",
            "netIncomeFromContinuingOperations": "293945000",
            "comprehensiveIncomeNetOfTax": "305377000",
            "ebit": "45183000",
            "ebitda": "31904000",
            "netIncome": "293959000"
        },
        {
            "fiscalDateEnding": "2020-09-30",
            "reportedCurrency": "USD",
            "grossProfit": "794455000",
            "totalRevenue": "3033874000",
            "costOfRevenue": "2239419000",
            "costofGoodsAndServicesSold": "2239419000",
            "operatingIncome": "49342000",
            "sellingGeneralAndAdministrative": "502365000",
            "researchAndDevelopment": "227550000",
            "operatingExpenses": "734448000",
            "investmentIncomeNet": "None",
            "netInterestIncome": "-14980000",
            "interestIncome": "14980000",
            "interestExpense": "14980000",
            "nonInterestIncome": "-1403000",
            "otherNonOperatingIncome": "784000",
            "depreciation": "15400000",
            "depreciationAndAmortization": "5516000",
            "incomeBeforeTax": "35146000",
            "incomeTaxExpense": "-1369000",
            "interestAndDebtExpense": "1403000",
            "netIncomeFromContinuingOperations": "36546000",
            "comprehensiveIncomeNetOfTax": "44059000",
            "ebit": "49342000",
            "ebitda": "54858000",
            "netIncome": "36515000"
        },
        {
            "fiscalDateEnding": "2020-06-30",
            "reportedCurrency": "USD",
            "grossProfit": "596763000",
            "totalRevenue": "1923625000",
            "costOfRevenue": "1326862000",
            "costofGoodsAndServicesSold": "1326862000",
            "operatingIncome": "-23052000",
            "sellingGeneralAndAdministrative": "374482000",
            "researchAndDevelopment": "207730000",
            "operatingExpenses": "586310000",
            "investmentIncomeNet": "None",
            "netInterestIncome": "-14769000",
            "interestIncome": "6229000",
            "interestExpense": "14769000",
            "nonInterestIncome": "0",
            "otherNonOperatingIncome": "25591000",
            "depreciation": "16900000",
            "depreciationAndAmortization": "5003000",
            "incomeBeforeTax": "-12230000",
            "incomeTaxExpense": "-752000",
            "interestAndDebtExpense": "0",
            "netIncomeFromContinuingOperations": "-11478000",
            "comprehensiveIncomeNetOfTax": "-3680000",
            "ebit": "-23052000",
            "ebitda": "-18049000",
            "netIncome": "-11478000"
        },
        {
            "fiscalDateEnding": "2020-03-31",
            "reportedCurrency": "USD",
            "grossProfit": "538501000",
            "totalRevenue": "1381109000",
            "costOfRevenue": "842608000",
            "costofGoodsAndServicesSold": "842608000",
            "operatingIncome": "-90288000",
            "sellingGeneralAndAdministrative": "324030000",
            "researchAndDevelopment": "194986000",
            "operatingExpenses": "524222000",
            "investmentIncomeNet": "None",
            "netInterestIncome": "-9206000",
            "interestIncome": "-9206000",
            "interestExpense": "0",
            "nonInterestIncome": "-990000",
            "otherNonOperatingIncome": "-5862000",
            "depreciation": "15900000",
            "depreciationAndAmortization": "5206000",
            "incomeBeforeTax": "-105356000",
            "incomeTaxExpense": "535000",
            "interestAndDebtExpense": "990000",
            "netIncomeFromContinuingOperations": "-105891000",
            "comprehensiveIncomeNetOfTax": "-110952000",
            "ebit": "-90288000",
            "ebitda": "-100150000",
            "netIncome": "-105891000"
        },
        {
            "fiscalDateEnding": "2019-12-31",
            "reportedCurrency": "USD",
            "grossProfit": "527049000",
            "totalRevenue": "1313429000",
            "costOfRevenue": "786380000",
            "costofGoodsAndServicesSold": "786380000",
            "operatingIncome": "17348000",
            "sellingGeneralAndAdministrative": "303395000",
            "researchAndDevelopment": "176843000",
            "operatingExpenses": "383290000",
            "investmentIncomeNet": "None",
            "netInterestIncome": "-6060000",
            "interestIncome": "38840000",
            "interestExpense": "44900000",
            "nonInterestIncome": "0",
            "otherNonOperatingIncome": "6715000",
            "depreciation": "15000000",
            "depreciationAndAmortization": "-10118000",
            "incomeBeforeTax": "391407000",
            "incomeTaxExpense": "467000",
            "interestAndDebtExpense": "0",
            "netIncomeFromContinuingOperations": "390981000",
            "comprehensiveIncomeNetOfTax": "394956000",
            "ebit": "17348000",
            "ebitda": "426189000",
            "netIncome": "390940000"
        },
        {
            "fiscalDateEnding": "2019-09-30",
            "reportedCurrency": "USD",
            "grossProfit": "500037000",
            "totalRevenue": "1266474000",
            "costOfRevenue": "766437000",
            "costofGoodsAndServicesSold": "766437000",
            "operatingIncome": "32094000",
            "sellingGeneralAndAdministrative": "265447000",
            "researchAndDevelopment": "168771000",
            "operatingExpenses": "467943000",
            "investmentIncomeNet": "None",
            "netInterestIncome": "-5632000",
            "interestIncome": "-5632000",
            "interestExpense": "0",
            "nonInterestIncome": "0",
            "otherNonOperatingIncome": "5541000",
            "depreciation": "15300000",
            "depreciationAndAmortization": "5125000",
            "incomeBeforeTax": "31997000",
            "incomeTaxExpense": "2600000",
            "interestAndDebtExpense": "0",
            "netIncomeFromContinuingOperations": "29397000",
            "comprehensiveIncomeNetOfTax": "27936000",
            "ebit": "32094000",
            "ebitda": "37122000",
            "netIncome": "29397000"
        },
        {
            "fiscalDateEnding": "2019-06-30",
            "reportedCurrency": "USD",
            "grossProfit": "465845000",
            "totalRevenue": "1174238000",
            "costOfRevenue": "708393000",
            "costofGoodsAndServicesSold": "708393000",
            "operatingIncome": "-843000",
            "sellingGeneralAndAdministrative": "256929000",
            "researchAndDevelopment": "174201000",
            "operatingExpenses": "466688000",
            "investmentIncomeNet": "None",
            "netInterestIncome": "-5143000",
            "interestIncome": "-5143000",
            "interestExpense": "0",
            "nonInterestIncome": "0",
            "otherNonOperatingIncome": "-1230000",
            "depreciation": "14800000",
            "depreciationAndAmortization": "5242000",
            "incomeBeforeTax": "-7240000",
            "incomeTaxExpense": "-500000",
            "interestAndDebtExpense": "0",
            "netIncomeFromContinuingOperations": "-6740000",
            "comprehensiveIncomeNetOfTax": "-4242000",
            "ebit": "-843000",
            "ebitda": "-1998000",
            "netIncome": "-6740000"
        },
        {
            "fiscalDateEnding": "2019-03-31",
            "reportedCurrency": "USD",
            "grossProfit": "396754000",
            "totalRevenue": "959359000",
            "costOfRevenue": "562605000",
            "costofGoodsAndServicesSold": "562605000",
            "operatingIncome": "-22042000",
            "sellingGeneralAndAdministrative": "235311000",
            "researchAndDevelopment": "154350000",
            "operatingExpenses": "418796000",
            "investmentIncomeNet": "None",
            "netInterestIncome": "-4681000",
            "interestIncome": "-4681000",
            "interestExpense": "0",
            "nonInterestIncome": "0",
            "otherNonOperatingIncome": "-11299000",
            "depreciation": "15500000",
            "depreciationAndAmortization": "3487000",
            "incomeBeforeTax": "-38022000",
            "incomeTaxExpense": "129000",
            "interestAndDebtExpense": "0",
            "netIncomeFromContinuingOperations": "-38122000",
            "comprehensiveIncomeNetOfTax": "-35522000",
            "ebit": "-22042000",
            "ebitda": "-34535000",
            "netIncome": "-38151000"
        },
        {
            "fiscalDateEnding": "2018-12-31",
            "reportedCurrency": "USD",
            "grossProfit": "380054000",
            "totalRevenue": "932528000",
            "costOfRevenue": "552474000",
            "costofGoodsAndServicesSold": "552474000",
            "operatingIncome": "-3108000",
            "sellingGeneralAndAdministrative": "214750000",
            "researchAndDevelopment": "141811000",
            "operatingExpenses": "383162000",
            "investmentIncomeNet": "None",
            "netInterestIncome": "-5176000",
            "interestIncome": "None",
            "interestExpense": "17982000",
            "nonInterestIncome": "903378000",
            "otherNonOperatingIncome": "-19439000",
            "depreciation": "17600000",
            "depreciationAndAmortization": "22638000",
            "incomeBeforeTax": "-27678000",
            "incomeTaxExpense": "526000",
            "interestAndDebtExpense": "3422000",
            "netIncomeFromContinuingOperations": "-28249000",
            "comprehensiveIncomeNetOfTax": "-27912000",
            "ebit": "-3108000",
            "ebitda": "-5085000",
            "netIncome": "-28204000"
        },
        {
            "fiscalDateEnding": "2018-09-30",
            "reportedCurrency": "USD",
            "grossProfit": "352660000",
            "totalRevenue": "882108000",
            "costOfRevenue": "529448000",
            "costofGoodsAndServicesSold": "529448000",
            "operatingIncome": "-9867000",
            "sellingGeneralAndAdministrative": "201864000",
            "researchAndDevelopment": "135773000",
            "operatingExpenses": "362527000",
            "investmentIncomeNet": "None",
            "netInterestIncome": "-7224000",
            "interestIncome": "None",
            "interestExpense": "7224000",
            "nonInterestIncome": "857700000",
            "otherNonOperatingIncome": "37800000",
            "depreciation": "11700000",
            "depreciationAndAmortization": "4384000",
            "incomeBeforeTax": "20743000",
            "incomeTaxExpense": "1100000",
            "interestAndDebtExpense": "None",
            "netIncomeFromContinuingOperations": "19643000",
            "comprehensiveIncomeNetOfTax": "17754000",
            "ebit": "-9867000",
            "ebitda": "-5483000",
            "netIncome": "19643000"
        }
    ]
}