{
    "symbol": "TEAM",
    "annualReports": [
        {
            "fiscalDateEnding": "2023-06-30",
            "reportedCurrency": "USD",
            "grossProfit": "2900882000",
            "totalRevenue": "3534647000",
            "costOfRevenue": "633765000",
            "costofGoodsAndServicesSold": "633765000",
            "operatingIncome": "-345222000",
            "sellingGeneralAndAdministrative": "1376223000",
            "researchAndDevelopment": "1869881000",
            "operatingExpenses": "3246104000",
            "investmentIncomeNet": "49732000",
            "netInterestIncome": "-30147000",
            "interestIncome": "49732000",
            "interestExpense": "30147000",
            "nonInterestIncome": "3590133000",
            "otherNonOperatingIncome": "14501000",
            "depreciation": "27800000",
            "depreciationAndAmortization": "33100000",
            "incomeBeforeTax": "-311136000",
            "incomeTaxExpense": "175625000",
            "interestAndDebtExpense": "30147000",
            "netIncomeFromContinuingOperations": "-486761000",
            "comprehensiveIncomeNetOfTax": "-466623000",
            "ebit": "-280989000",
            "ebitda": "-247889000",
            "netIncome": "-486761000"
        },
        {
            "fiscalDateEnding": "2022-06-30",
            "reportedCurrency": "USD",
            "grossProfit": "2349968000",
            "totalRevenue": "2802882000",
            "costOfRevenue": "452914000",
            "costofGoodsAndServicesSold": "465707000",
            "operatingIncome": "70083000",
            "sellingGeneralAndAdministrative": "478373000",
            "researchAndDevelopment": "1291877000",
            "operatingExpenses": "2279885000",
            "investmentIncomeNet": "2284000",
            "netInterestIncome": "-41466000",
            "interestIncome": "2297000",
            "interestExpense": "41466000",
            "nonInterestIncome": "2390465000",
            "otherNonOperatingIncome": "-501839000",
            "depreciation": "19300000",
            "depreciationAndAmortization": "51163000",
            "incomeBeforeTax": "-564572000",
            "incomeTaxExpense": "48572000",
            "interestAndDebtExpense": "41466000",
            "netIncomeFromContinuingOperations": "-614124000",
            "comprehensiveIncomeNetOfTax": "-511000000",
            "ebit": "-106457000",
            "ebitda": "-55294000",
            "netIncome": "-519510000"
        }
    ],
    "quarterlyReports": [
        {
            "fiscalDateEnding": "2023-06-30",
            "reportedCurrency": "USD",
            "grossProfit": "769322000",
            "totalRevenue": "939098000",
            "costOfRevenue": "169776000",
            "costofGoodsAndServicesSold": "169776000",
            "operatingIncome": "-50389000",
            "sellingGeneralAndAdministrative": "344856000",
            "researchAndDevelopment": "474855000",
            "operatingExpenses": "819711000",
            "investmentIncomeNet": "20579000",
            "netInterestIncome": "-8540000",
            "interestIncome": "20579000",
            "interestExpense": "8540000",
            "nonInterestIncome": "943633000",
            "otherNonOperatingIncome": "-7096000",
            "depreciation": "6900000",
            "depreciationAndAmortization": "8400000",
            "incomeBeforeTax": "-45427000",
            "incomeTaxExpense": "13525000",
            "interestAndDebtExpense": "8540000",
            "netIncomeFromContinuingOperations": "-58961000",
            "comprehensiveIncomeNetOfTax": "-54564000",
            "ebit": "-36887000",
            "ebitda": "-28487000",
            "netIncome": "-58952000"
        },
        {
            "fiscalDateEnding": "2023-03-31",
            "reportedCurrency": "USD",
            "grossProfit": "746801000",
            "totalRevenue": "915453000",
            "costOfRevenue": "168652000",
            "costofGoodsAndServicesSold": "168652000",
            "operatingIncome": "-161567000",
            "sellingGeneralAndAdministrative": "386024000",
            "researchAndDevelopment": "522344000",
            "operatingExpenses": "908368000",
            "investmentIncomeNet": "15047000",
            "netInterestIncome": "-7978000",
            "interestIncome": "15047000",
            "interestExpense": "7978000",
            "nonInterestIncome": "915630000",
            "otherNonOperatingIncome": "-943000",
            "depreciation": "7400000",
            "depreciationAndAmortization": "8200000",
            "incomeBeforeTax": "-155437000",
            "incomeTaxExpense": "53600000",
            "interestAndDebtExpense": "7978000",
            "netIncomeFromContinuingOperations": "-209000000",
            "comprehensiveIncomeNetOfTax": "-222939000",
            "ebit": "-147459000",
            "ebitda": "-139259000",
            "netIncome": "-209037000"
        },
        {
            "fiscalDateEnding": "2022-12-31",
            "reportedCurrency": "USD",
            "grossProfit": "716759000",
            "totalRevenue": "872704000",
            "costOfRevenue": "155945000",
            "costofGoodsAndServicesSold": "155945000",
            "operatingIncome": "-99239000",
            "sellingGeneralAndAdministrative": "342322000",
            "researchAndDevelopment": "473676000",
            "operatingExpenses": "815998000",
            "investmentIncomeNet": "8963000",
            "netInterestIncome": "-7508000",
            "interestIncome": "8963000",
            "interestExpense": "7508000",
            "nonInterestIncome": "876761000",
            "otherNonOperatingIncome": "-6749000",
            "depreciation": "7200000",
            "depreciationAndAmortization": "8300000",
            "incomeBeforeTax": "-104533000",
            "incomeTaxExpense": "100498000",
            "interestAndDebtExpense": "7508000",
            "netIncomeFromContinuingOperations": "-205031000",
            "comprehensiveIncomeNetOfTax": "-168906000",
            "ebit": "-97025000",
            "ebitda": "-88725000",
            "netIncome": "-205031000"
        },
        {
            "fiscalDateEnding": "2022-09-30",
            "reportedCurrency": "USD",
            "grossProfit": "668000000",
            "totalRevenue": "807392000",
            "costOfRevenue": "139392000",
            "costofGoodsAndServicesSold": "139392000",
            "operatingIncome": "-34027000",
            "sellingGeneralAndAdministrative": "303021000",
            "researchAndDevelopment": "399006000",
            "operatingExpenses": "702027000",
            "investmentIncomeNet": "5143000",
            "netInterestIncome": "-6121000",
            "interestIncome": "5143000",
            "interestExpense": "6121000",
            "nonInterestIncome": "854109000",
            "otherNonOperatingIncome": "29289000",
            "depreciation": "6300000",
            "depreciationAndAmortization": "8300000",
            "incomeBeforeTax": "-5716000",
            "incomeTaxExpense": "8025000",
            "interestAndDebtExpense": "6121000",
            "netIncomeFromContinuingOperations": "-13725000",
            "comprehensiveIncomeNetOfTax": "-20214000",
            "ebit": "405000",
            "ebitda": "8705000",
            "netIncome": "-13741000"
        },
        {
            "fiscalDateEnding": "2022-06-30",
            "reportedCurrency": "USD",
            "grossProfit": "616644000",
            "totalRevenue": "759841000",
            "costOfRevenue": "143197000",
            "costofGoodsAndServicesSold": "133154000",
            "operatingIncome": "-218873000",
            "sellingGeneralAndAdministrative": "-204872000",
            "researchAndDevelopment": "472698000",
            "operatingExpenses": "835517000",
            "investmentIncomeNet": "1328000",
            "netInterestIncome": "-4767000",
            "interestIncome": "1332000",
            "interestExpense": "4767000",
            "nonInterestIncome": "763873000",
            "otherNonOperatingIncome": "-608000",
            "depreciation": "5065000",
            "depreciationAndAmortization": "27063000",
            "incomeBeforeTax": "-46367000",
            "incomeTaxExpense": "44272000",
            "interestAndDebtExpense": "4767000",
            "netIncomeFromContinuingOperations": "-185266000",
            "comprehensiveIncomeNetOfTax": "-118428000",
            "ebit": "-218873000",
            "ebitda": "-191810000",
            "netIncome": "-90639000"
        },
        {
            "fiscalDateEnding": "2022-03-31",
            "reportedCurrency": "USD",
            "grossProfit": "624428000",
            "totalRevenue": "740491000",
            "costOfRevenue": "116063000",
            "costofGoodsAndServicesSold": "119374000",
            "operatingIncome": "32897000",
            "sellingGeneralAndAdministrative": "257370000",
            "researchAndDevelopment": "334161000",
            "operatingExpenses": "591531000",
            "investmentIncomeNet": "605000",
            "netInterestIncome": "-4159000",
            "interestIncome": "608000",
            "interestExpense": "4159000",
            "nonInterestIncome": "736868000",
            "otherNonOperatingIncome": "-23084000",
            "depreciation": "4100000",
            "depreciationAndAmortization": "8100000",
            "incomeBeforeTax": "6261000",
            "incomeTaxExpense": "1600000",
            "interestAndDebtExpense": "4159000",
            "netIncomeFromContinuingOperations": "4700000",
            "comprehensiveIncomeNetOfTax": "47994000",
            "ebit": "32897000",
            "ebitda": "40997000",
            "netIncome": "4661000"
        },
        {
            "fiscalDateEnding": "2021-12-31",
            "reportedCurrency": "USD",
            "grossProfit": "578335000",
            "totalRevenue": "688526000",
            "costOfRevenue": "110191000",
            "costofGoodsAndServicesSold": "115161000",
            "operatingIncome": "23042000",
            "sellingGeneralAndAdministrative": "236724000",
            "researchAndDevelopment": "318569000",
            "operatingExpenses": "555293000",
            "investmentIncomeNet": "74000",
            "netInterestIncome": "-21022000",
            "interestIncome": "77000",
            "interestExpense": "21022000",
            "nonInterestIncome": "693784000",
            "otherNonOperatingIncome": "-22343000",
            "depreciation": "4300000",
            "depreciationAndAmortization": "8000000",
            "incomeBeforeTax": "-73038000",
            "incomeTaxExpense": "2100000",
            "interestAndDebtExpense": "21022000",
            "netIncomeFromContinuingOperations": "-22300000",
            "comprehensiveIncomeNetOfTax": "-12206000",
            "ebit": "23042000",
            "ebitda": "8794000",
            "netIncome": "-22328000"
        },
        {
            "fiscalDateEnding": "2021-09-30",
            "reportedCurrency": "USD",
            "grossProfit": "517768000",
            "totalRevenue": "614024000",
            "costOfRevenue": "96256000",
            "costofGoodsAndServicesSold": "98018000",
            "operatingIncome": "56477000",
            "sellingGeneralAndAdministrative": "189151000",
            "researchAndDevelopment": "272140000",
            "operatingExpenses": "461291000",
            "investmentIncomeNet": "277000",
            "netInterestIncome": "-11518000",
            "interestIncome": "280000",
            "interestExpense": "11518000",
            "nonInterestIncome": "195940000",
            "otherNonOperatingIncome": "-455804000",
            "depreciation": "5300000",
            "depreciationAndAmortization": "8100000",
            "incomeBeforeTax": "-392118000",
            "incomeTaxExpense": "636000",
            "interestAndDebtExpense": "11518000",
            "netIncomeFromContinuingOperations": "-411236000",
            "comprehensiveIncomeNetOfTax": "-428360000",
            "ebit": "-385007000",
            "ebitda": "-361764000",
            "netIncome": "-411204000"
        }
    ]
}