{
    "symbol": "MDB",
    "annualReports": [
        {
            "fiscalDateEnding": "2023-01-31",
            "reportedCurrency": "USD",
            "grossProfit": "934736000",
            "totalRevenue": "1272983000",
            "costOfRevenue": "1222177000",
            "costofGoodsAndServicesSold": "349304000",
            "operatingIncome": "-346655000",
            "sellingGeneralAndAdministrative": "859699000",
            "researchAndDevelopment": "421692000",
            "operatingExpenses": "1281391000",
            "investmentIncomeNet": "24948000",
            "netInterestIncome": "-9797000",
            "interestIncome": "24948000",
            "interestExpense": "9797000",
            "nonInterestIncome": "1282780000",
            "otherNonOperatingIncome": "-1750000",
            "depreciation": "None",
            "depreciationAndAmortization": "13174000",
            "incomeBeforeTax": "-333254000",
            "incomeTaxExpense": "12144000",
            "interestAndDebtExpense": "9797000",
            "netIncomeFromContinuingOperations": "-345398000",
            "comprehensiveIncomeNetOfTax": "-343375000",
            "ebit": "-323457000",
            "ebitda": "-310283000",
            "netIncome": "-345398000"
        },
        {
            "fiscalDateEnding": "2022-01-31",
            "reportedCurrency": "USD",
            "grossProfit": "614290000",
            "totalRevenue": "860947000",
            "costOfRevenue": "869500000",
            "costofGoodsAndServicesSold": "259492000",
            "operatingIncome": "-289364000",
            "sellingGeneralAndAdministrative": "594834000",
            "researchAndDevelopment": "308820000",
            "operatingExpenses": "903654000",
            "investmentIncomeNet": "926000",
            "netInterestIncome": "-11316000",
            "interestIncome": "926000",
            "interestExpense": "11316000",
            "nonInterestIncome": "872263000",
            "otherNonOperatingIncome": "-3135000",
            "depreciation": "None",
            "depreciationAndAmortization": "13074000",
            "incomeBeforeTax": "-302889000",
            "incomeTaxExpense": "3977000",
            "interestAndDebtExpense": "11316000",
            "netIncomeFromContinuingOperations": "-306866000",
            "comprehensiveIncomeNetOfTax": "-309090000",
            "ebit": "-291573000",
            "ebitda": "-278499000",
            "netIncome": "-306866000"
        },
        {
            "fiscalDateEnding": "2021-01-31",
            "reportedCurrency": "USD",
            "grossProfit": "413304000",
            "totalRevenue": "535602000",
            "costOfRevenue": "606998000",
            "costofGoodsAndServicesSold": "177076000",
            "operatingIncome": "-209304000",
            "sellingGeneralAndAdministrative": "417447000",
            "researchAndDevelopment": "205161000",
            "operatingExpenses": "622608000",
            "investmentIncomeNet": "4569000",
            "netInterestIncome": "-56107000",
            "interestIncome": "4569000",
            "interestExpense": "56107000",
            "nonInterestIncome": "591709000",
            "otherNonOperatingIncome": "-1851000",
            "depreciation": "None",
            "depreciationAndAmortization": "12475000",
            "incomeBeforeTax": "-262693000",
            "incomeTaxExpense": "4251000",
            "interestAndDebtExpense": "56107000",
            "netIncomeFromContinuingOperations": "-266944000",
            "comprehensiveIncomeNetOfTax": "-267873000",
            "ebit": "-206586000",
            "ebitda": "-194111000",
            "netIncome": "-266944000"
        },
        {
            "fiscalDateEnding": "2020-01-31",
            "reportedCurrency": "USD",
            "grossProfit": "296364000",
            "totalRevenue": "386215000",
            "costOfRevenue": "434629000",
            "costofGoodsAndServicesSold": "125356000",
            "operatingIncome": "-147866000",
            "sellingGeneralAndAdministrative": "295197000",
            "researchAndDevelopment": "149033000",
            "operatingExpenses": "444230000",
            "investmentIncomeNet": "8556000",
            "netInterestIncome": "-20983000",
            "interestIncome": "8556000",
            "interestExpense": "20983000",
            "nonInterestIncome": "407198000",
            "otherNonOperatingIncome": "-15885000",
            "depreciation": "None",
            "depreciationAndAmortization": "14076000",
            "incomeBeforeTax": "-176178000",
            "incomeTaxExpense": "-656000",
            "interestAndDebtExpense": "35505000",
            "netIncomeFromContinuingOperations": "-175522000",
            "comprehensiveIncomeNetOfTax": "-175123000",
            "ebit": "-155195000",
            "ebitda": "-141119000",
            "netIncome": "-175522000"
        },
        {
            "fiscalDateEnding": "2019-01-31",
            "reportedCurrency": "USD",
            "grossProfit": "193448000",
            "totalRevenue": "256726000",
            "costOfRevenue": "277227000",
            "costofGoodsAndServicesSold": "73568000",
            "operatingIncome": "-97765000",
            "sellingGeneralAndAdministrative": "201359000",
            "researchAndDevelopment": "89854000",
            "operatingExpenses": "291213000",
            "investmentIncomeNet": "7163000",
            "netInterestIncome": "-10290000",
            "interestIncome": "7163000",
            "interestExpense": "10290000",
            "nonInterestIncome": "267016000",
            "otherNonOperatingIncome": "-1437000",
            "depreciation": "None",
            "depreciationAndAmortization": "2300000",
            "incomeBeforeTax": "-102329000",
            "incomeTaxExpense": "-3318000",
            "interestAndDebtExpense": "10290000",
            "netIncomeFromContinuingOperations": "-99011000",
            "comprehensiveIncomeNetOfTax": "-99026000",
            "ebit": "-92039000",
            "ebitda": "-89739000",
            "netIncome": "-99011000"
        }
    ],
    "quarterlyReports": [
        {
            "fiscalDateEnding": "2023-04-30",
            "reportedCurrency": "USD",
            "grossProfit": "270831000",
            "totalRevenue": "365458000",
            "costOfRevenue": "323304000",
            "costofGoodsAndServicesSold": "97449000",
            "operatingIncome": "-68547000",
            "sellingGeneralAndAdministrative": "222561000",
            "researchAndDevelopment": "116817000",
            "operatingExpenses": "339378000",
            "investmentIncomeNet": "18037000",
            "netInterestIncome": "-2393000",
            "interestIncome": "18037000",
            "interestExpense": "2393000",
            "nonInterestIncome": "367851000",
            "otherNonOperatingIncome": "1144000",
            "depreciation": "None",
            "depreciationAndAmortization": "3294000",
            "incomeBeforeTax": "-51759000",
            "incomeTaxExpense": "2487000",
            "interestAndDebtExpense": "2393000",
            "netIncomeFromContinuingOperations": "-54246000",
            "comprehensiveIncomeNetOfTax": "-52507000",
            "ebit": "-49366000",
            "ebitda": "-46072000",
            "netIncome": "-54246000"
        },
        {
            "fiscalDateEnding": "2023-01-31",
            "reportedCurrency": "USD",
            "grossProfit": "272152000",
            "totalRevenue": "356080000",
            "costOfRevenue": "326663000",
            "costofGoodsAndServicesSold": "89160000",
            "operatingIncome": "-72949000",
            "sellingGeneralAndAdministrative": "234210000",
            "researchAndDevelopment": "110891000",
            "operatingExpenses": "345101000",
            "investmentIncomeNet": "15712000",
            "netInterestIncome": "-2418000",
            "interestIncome": "15712000",
            "interestExpense": "2418000",
            "nonInterestIncome": "358498000",
            "otherNonOperatingIncome": "-1829000",
            "depreciation": "None",
            "depreciationAndAmortization": "3293000",
            "incomeBeforeTax": "-61484000",
            "incomeTaxExpense": "2914000",
            "interestAndDebtExpense": "2418000",
            "netIncomeFromContinuingOperations": "-64398000",
            "comprehensiveIncomeNetOfTax": "-61512000",
            "ebit": "-59066000",
            "ebitda": "-55773000",
            "netIncome": "-64398000"
        },
        {
            "fiscalDateEnding": "2022-10-31",
            "reportedCurrency": "USD",
            "grossProfit": "239969000",
            "totalRevenue": "331124000",
            "costOfRevenue": "313446000",
            "costofGoodsAndServicesSold": "93652000",
            "operatingIncome": "-82923000",
            "sellingGeneralAndAdministrative": "216500000",
            "researchAndDevelopment": "106392000",
            "operatingExpenses": "322892000",
            "investmentIncomeNet": "6932000",
            "netInterestIncome": "-2497000",
            "interestIncome": "6932000",
            "interestExpense": "2497000",
            "nonInterestIncome": "333621000",
            "otherNonOperatingIncome": "-1318000",
            "depreciation": "None",
            "depreciationAndAmortization": "3294000",
            "incomeBeforeTax": "-79806000",
            "incomeTaxExpense": "5035000",
            "interestAndDebtExpense": "2497000",
            "netIncomeFromContinuingOperations": "-84841000",
            "comprehensiveIncomeNetOfTax": "-84438000",
            "ebit": "-77309000",
            "ebitda": "-74015000",
            "netIncome": "-84841000"
        },
        {
            "fiscalDateEnding": "2022-07-31",
            "reportedCurrency": "USD",
            "grossProfit": "215383000",
            "totalRevenue": "301231000",
            "costOfRevenue": "313759000",
            "costofGoodsAndServicesSold": "88277000",
            "operatingIncome": "-114843000",
            "sellingGeneralAndAdministrative": "222189000",
            "researchAndDevelopment": "108037000",
            "operatingExpenses": "330226000",
            "investmentIncomeNet": "1680000",
            "netInterestIncome": "-2429000",
            "interestIncome": "1680000",
            "interestExpense": "2429000",
            "nonInterestIncome": "303660000",
            "otherNonOperatingIncome": "-224000",
            "depreciation": "None",
            "depreciationAndAmortization": "3293000",
            "incomeBeforeTax": "-115816000",
            "incomeTaxExpense": "3049000",
            "interestAndDebtExpense": "2429000",
            "netIncomeFromContinuingOperations": "-118865000",
            "comprehensiveIncomeNetOfTax": "-118380000",
            "ebit": "-113387000",
            "ebitda": "-110094000",
            "netIncome": "-118865000"
        },
        {
            "fiscalDateEnding": "2022-04-30",
            "reportedCurrency": "USD",
            "grossProfit": "207232000",
            "totalRevenue": "282413000",
            "costOfRevenue": "268309000",
            "costofGoodsAndServicesSold": "78215000",
            "operatingIncome": "-75940000",
            "sellingGeneralAndAdministrative": "186800000",
            "researchAndDevelopment": "96372000",
            "operatingExpenses": "283172000",
            "investmentIncomeNet": "624000",
            "netInterestIncome": "-2453000",
            "interestIncome": "624000",
            "interestExpense": "2453000",
            "nonInterestIncome": "284866000",
            "otherNonOperatingIncome": "1621000",
            "depreciation": "None",
            "depreciationAndAmortization": "3294000",
            "incomeBeforeTax": "-76148000",
            "incomeTaxExpense": "1146000",
            "interestAndDebtExpense": "2453000",
            "netIncomeFromContinuingOperations": "-77294000",
            "comprehensiveIncomeNetOfTax": "-79045000",
            "ebit": "-73695000",
            "ebitda": "-70401000",
            "netIncome": "-77294000"
        },
        {
            "fiscalDateEnding": "2022-01-31",
            "reportedCurrency": "USD",
            "grossProfit": "190696000",
            "totalRevenue": "262973000",
            "costOfRevenue": "261089000",
            "costofGoodsAndServicesSold": "75798000",
            "operatingIncome": "-78619000",
            "sellingGeneralAndAdministrative": "179898000",
            "researchAndDevelopment": "89417000",
            "operatingExpenses": "269315000",
            "investmentIncomeNet": "392000",
            "netInterestIncome": "-2505000",
            "interestIncome": "392000",
            "interestExpense": "2505000",
            "nonInterestIncome": "265478000",
            "otherNonOperatingIncome": "-2150000",
            "depreciation": "None",
            "depreciationAndAmortization": "3293000",
            "incomeBeforeTax": "-82882000",
            "incomeTaxExpense": "1566000",
            "interestAndDebtExpense": "2505000",
            "netIncomeFromContinuingOperations": "-84459000",
            "comprehensiveIncomeNetOfTax": "-86084000",
            "ebit": "-80377000",
            "ebitda": "-77084000",
            "netIncome": "-84448000"
        },
        {
            "fiscalDateEnding": "2021-10-31",
            "reportedCurrency": "USD",
            "grossProfit": "158429000",
            "totalRevenue": "224296000",
            "costOfRevenue": "224698000",
            "costofGoodsAndServicesSold": "68464000",
            "operatingIncome": "-76768000",
            "sellingGeneralAndAdministrative": "152941000",
            "researchAndDevelopment": "82256000",
            "operatingExpenses": "235197000",
            "investmentIncomeNet": "204000",
            "netInterestIncome": "-2597000",
            "interestIncome": "204000",
            "interestExpense": "2597000",
            "nonInterestIncome": "226893000",
            "otherNonOperatingIncome": "117000",
            "depreciation": "None",
            "depreciationAndAmortization": "3293000",
            "incomeBeforeTax": "-79044000",
            "incomeTaxExpense": "2249000",
            "interestAndDebtExpense": "2597000",
            "netIncomeFromContinuingOperations": "-81293000",
            "comprehensiveIncomeNetOfTax": "-82305000",
            "ebit": "-76447000",
            "ebitda": "-73154000",
            "netIncome": "-81293000"
        },
        {
            "fiscalDateEnding": "2021-07-31",
            "reportedCurrency": "USD",
            "grossProfit": "138045000",
            "totalRevenue": "196191000",
            "costOfRevenue": "202176000",
            "costofGoodsAndServicesSold": "60702000",
            "operatingIncome": "-72531000",
            "sellingGeneralAndAdministrative": "138180000",
            "researchAndDevelopment": "72396000",
            "operatingExpenses": "210576000",
            "investmentIncomeNet": "157000",
            "netInterestIncome": "-2556000",
            "interestIncome": "157000",
            "interestExpense": "2556000",
            "nonInterestIncome": "198747000",
            "otherNonOperatingIncome": "-665000",
            "depreciation": "None",
            "depreciationAndAmortization": "3294000",
            "incomeBeforeTax": "-75595000",
            "incomeTaxExpense": "1538000",
            "interestAndDebtExpense": "2556000",
            "netIncomeFromContinuingOperations": "-77095000",
            "comprehensiveIncomeNetOfTax": "-76653000",
            "ebit": "-73039000",
            "ebitda": "-69745000",
            "netIncome": "-77133000"
        },
        {
            "fiscalDateEnding": "2021-04-30",
            "reportedCurrency": "USD",
            "grossProfit": "127120000",
            "totalRevenue": "177675000",
            "costOfRevenue": "181537000",
            "costofGoodsAndServicesSold": "54528000",
            "operatingIncome": "-61446000",
            "sellingGeneralAndAdministrative": "123815000",
            "researchAndDevelopment": "64751000",
            "operatingExpenses": "188566000",
            "investmentIncomeNet": "173000",
            "netInterestIncome": "-3658000",
            "interestIncome": "173000",
            "interestExpense": "3658000",
            "nonInterestIncome": "181333000",
            "otherNonOperatingIncome": "-437000",
            "depreciation": "None",
            "depreciationAndAmortization": "3194000",
            "incomeBeforeTax": "-65392000",
            "incomeTaxExpense": "-1400000",
            "interestAndDebtExpense": "3658000",
            "netIncomeFromContinuingOperations": "-63992000",
            "comprehensiveIncomeNetOfTax": "-64048000",
            "ebit": "-61734000",
            "ebitda": "-58540000",
            "netIncome": "-63992000"
        },
        {
            "fiscalDateEnding": "2021-01-31",
            "reportedCurrency": "USD",
            "grossProfit": "120014000",
            "totalRevenue": "156144000",
            "costOfRevenue": "177575000",
            "costofGoodsAndServicesSold": "50985000",
            "operatingIncome": "-59393000",
            "sellingGeneralAndAdministrative": "123496000",
            "researchAndDevelopment": "55911000",
            "operatingExpenses": "179407000",
            "investmentIncomeNet": "238000",
            "netInterestIncome": "-14269000",
            "interestIncome": "238000",
            "interestExpense": "14269000",
            "nonInterestIncome": "170413000",
            "otherNonOperatingIncome": "-268000",
            "depreciation": "None",
            "depreciationAndAmortization": "3094000",
            "incomeBeforeTax": "-73650000",
            "incomeTaxExpense": "2151000",
            "interestAndDebtExpense": "14269000",
            "netIncomeFromContinuingOperations": "-75801000",
            "comprehensiveIncomeNetOfTax": "-76168000",
            "ebit": "-59381000",
            "ebitda": "-56287000",
            "netIncome": "-75801000"
        },
        {
            "fiscalDateEnding": "2020-10-31",
            "reportedCurrency": "USD",
            "grossProfit": "104661000",
            "totalRevenue": "136678000",
            "costOfRevenue": "157592000",
            "costofGoodsAndServicesSold": "46110000",
            "operatingIncome": "-58091000",
            "sellingGeneralAndAdministrative": "108389000",
            "researchAndDevelopment": "54363000",
            "operatingExpenses": "162752000",
            "investmentIncomeNet": "572000",
            "netInterestIncome": "-14093000",
            "interestIncome": "572000",
            "interestExpense": "14093000",
            "nonInterestIncome": "150771000",
            "otherNonOperatingIncome": "-113000",
            "depreciation": "None",
            "depreciationAndAmortization": "3093000",
            "incomeBeforeTax": "-71751000",
            "incomeTaxExpense": "900000",
            "interestAndDebtExpense": "14093000",
            "netIncomeFromContinuingOperations": "-72651000",
            "comprehensiveIncomeNetOfTax": "-73057000",
            "ebit": "-57658000",
            "ebitda": "-54565000",
            "netIncome": "-72651000"
        },
        {
            "fiscalDateEnding": "2020-07-31",
            "reportedCurrency": "USD",
            "grossProfit": "95977000",
            "totalRevenue": "124331000",
            "costOfRevenue": "141900000",
            "costofGoodsAndServicesSold": "42304000",
            "operatingIncome": "-49780000",
            "sellingGeneralAndAdministrative": "96502000",
            "researchAndDevelopment": "49255000",
            "operatingExpenses": "145757000",
            "investmentIncomeNet": "1032000",
            "netInterestIncome": "-13950000",
            "interestIncome": "1032000",
            "interestExpense": "13950000",
            "nonInterestIncome": "138281000",
            "otherNonOperatingIncome": "-845000",
            "depreciation": "None",
            "depreciationAndAmortization": "3094000",
            "incomeBeforeTax": "-63525000",
            "incomeTaxExpense": "1000000",
            "interestAndDebtExpense": "13950000",
            "netIncomeFromContinuingOperations": "-64525000",
            "comprehensiveIncomeNetOfTax": "-65454000",
            "ebit": "-49575000",
            "ebitda": "-46481000",
            "netIncome": "-64525000"
        },
        {
            "fiscalDateEnding": "2020-04-30",
            "reportedCurrency": "USD",
            "grossProfit": "92652000",
            "totalRevenue": "116534000",
            "costOfRevenue": "129831000",
            "costofGoodsAndServicesSold": "37677000",
            "operatingIncome": "-42040000",
            "sellingGeneralAndAdministrative": "89060000",
            "researchAndDevelopment": "45632000",
            "operatingExpenses": "134692000",
            "investmentIncomeNet": "2727000",
            "netInterestIncome": "-13795000",
            "interestIncome": "2727000",
            "interestExpense": "13795000",
            "nonInterestIncome": "130329000",
            "otherNonOperatingIncome": "-625000",
            "depreciation": "None",
            "depreciationAndAmortization": "3094000",
            "incomeBeforeTax": "-53733000",
            "incomeTaxExpense": "234000",
            "interestAndDebtExpense": "13795000",
            "netIncomeFromContinuingOperations": "-53967000",
            "comprehensiveIncomeNetOfTax": "-53194000",
            "ebit": "-39938000",
            "ebitda": "-36844000",
            "netIncome": "-53967000"
        },
        {
            "fiscalDateEnding": "2020-01-31",
            "reportedCurrency": "USD",
            "grossProfit": "88732000",
            "totalRevenue": "102460000",
            "costOfRevenue": "125982000",
            "costofGoodsAndServicesSold": "34791000",
            "operatingIncome": "-40903000",
            "sellingGeneralAndAdministrative": "87997000",
            "researchAndDevelopment": "41638000",
            "operatingExpenses": "129635000",
            "investmentIncomeNet": "2036000",
            "netInterestIncome": "-6541000",
            "interestIncome": "2036000",
            "interestExpense": "6541000",
            "nonInterestIncome": "109001000",
            "otherNonOperatingIncome": "-14891000",
            "depreciation": "None",
            "depreciationAndAmortization": "3194000",
            "incomeBeforeTax": "-60299000",
            "incomeTaxExpense": "2264000",
            "interestAndDebtExpense": "21063000",
            "netIncomeFromContinuingOperations": "-62563000",
            "comprehensiveIncomeNetOfTax": "-62527000",
            "ebit": "-53758000",
            "ebitda": "-50564000",
            "netIncome": "-62563000"
        },
        {
            "fiscalDateEnding": "2019-10-31",
            "reportedCurrency": "USD",
            "grossProfit": "77250000",
            "totalRevenue": "104628000",
            "costOfRevenue": "112862000",
            "costofGoodsAndServicesSold": "32191000",
            "operatingIncome": "-38714000",
            "sellingGeneralAndAdministrative": "76577000",
            "researchAndDevelopment": "39387000",
            "operatingExpenses": "115964000",
            "investmentIncomeNet": "1986000",
            "netInterestIncome": "-4813000",
            "interestIncome": "1986000",
            "interestExpense": "4813000",
            "nonInterestIncome": "109441000",
            "otherNonOperatingIncome": "-283000",
            "depreciation": "None",
            "depreciationAndAmortization": "4094000",
            "incomeBeforeTax": "-41824000",
            "incomeTaxExpense": "559000",
            "interestAndDebtExpense": "4813000",
            "netIncomeFromContinuingOperations": "-42383000",
            "comprehensiveIncomeNetOfTax": "-41862000",
            "ebit": "-37011000",
            "ebitda": "-32917000",
            "netIncome": "-42383000"
        },
        {
            "fiscalDateEnding": "2019-07-31",
            "reportedCurrency": "USD",
            "grossProfit": "69166000",
            "totalRevenue": "94428000",
            "costOfRevenue": "103000000",
            "costofGoodsAndServicesSold": "30202000",
            "operatingIncome": "-37672000",
            "sellingGeneralAndAdministrative": "69698000",
            "researchAndDevelopment": "37140000",
            "operatingExpenses": "106838000",
            "investmentIncomeNet": "2231000",
            "netInterestIncome": "-4940000",
            "interestIncome": "2231000",
            "interestExpense": "4940000",
            "nonInterestIncome": "99368000",
            "otherNonOperatingIncome": "-296000",
            "depreciation": "None",
            "depreciationAndAmortization": "3100000",
            "incomeBeforeTax": "-40677000",
            "incomeTaxExpense": "-3341000",
            "interestAndDebtExpense": "4940000",
            "netIncomeFromContinuingOperations": "-37377000",
            "comprehensiveIncomeNetOfTax": "-37565000",
            "ebit": "-35737000",
            "ebitda": "-32637000",
            "netIncome": "-37336000"
        },
        {
            "fiscalDateEnding": "2019-04-30",
            "reportedCurrency": "USD",
            "grossProfit": "61216000",
            "totalRevenue": "84699000",
            "costOfRevenue": "89097000",
            "costofGoodsAndServicesSold": "28172000",
            "operatingIncome": "-30577000",
            "sellingGeneralAndAdministrative": "60925000",
            "researchAndDevelopment": "30868000",
            "operatingExpenses": "91793000",
            "investmentIncomeNet": "2303000",
            "netInterestIncome": "-4689000",
            "interestIncome": "2386000",
            "interestExpense": "4689000",
            "nonInterestIncome": "89388000",
            "otherNonOperatingIncome": "-415000",
            "depreciation": "None",
            "depreciationAndAmortization": "994000",
            "incomeBeforeTax": "-33378000",
            "incomeTaxExpense": "-138000",
            "interestAndDebtExpense": "4689000",
            "netIncomeFromContinuingOperations": "-33278000",
            "comprehensiveIncomeNetOfTax": "-33169000",
            "ebit": "-28689000",
            "ebitda": "-27695000",
            "netIncome": "-33240000"
        },
        {
            "fiscalDateEnding": "2019-01-31",
            "reportedCurrency": "USD",
            "grossProfit": "59917000",
            "totalRevenue": "86029000",
            "costOfRevenue": "80874000",
            "costofGoodsAndServicesSold": "25567000",
            "operatingIncome": "-23761000",
            "sellingGeneralAndAdministrative": "53007000",
            "researchAndDevelopment": "26600000",
            "operatingExpenses": "83678000",
            "investmentIncomeNet": "2227000",
            "netInterestIncome": "-4638000",
            "interestIncome": "None",
            "interestExpense": "4638000",
            "nonInterestIncome": "85484000",
            "otherNonOperatingIncome": "-13000",
            "depreciation": "None",
            "depreciationAndAmortization": "2458000",
            "incomeBeforeTax": "-26185000",
            "incomeTaxExpense": "-3998000",
            "interestAndDebtExpense": "4638000",
            "netIncomeFromContinuingOperations": "-7281000",
            "comprehensiveIncomeNetOfTax": "-21981000",
            "ebit": "-21547000",
            "ebitda": "-21303000",
            "netIncome": "-22187000"
        },
        {
            "fiscalDateEnding": "2018-10-31",
            "reportedCurrency": "USD",
            "grossProfit": "54024000",
            "totalRevenue": "64985000",
            "costOfRevenue": "10961000",
            "costofGoodsAndServicesSold": "17758000",
            "operatingIncome": "-20221000",
            "sellingGeneralAndAdministrative": "53102000",
            "researchAndDevelopment": "23179000",
            "operatingExpenses": "74245000",
            "investmentIncomeNet": "2459000",
            "netInterestIncome": "-4358000",
            "interestIncome": "None",
            "interestExpense": "4358000",
            "nonInterestIncome": "71782000",
            "otherNonOperatingIncome": "-400000",
            "depreciation": "None",
            "depreciationAndAmortization": "1711000",
            "incomeBeforeTax": "-22520000",
            "incomeTaxExpense": "-33000",
            "interestAndDebtExpense": "4358000",
            "netIncomeFromContinuingOperations": "-31320000",
            "comprehensiveIncomeNetOfTax": "-22527000",
            "ebit": "-18162000",
            "ebitda": "-27343000",
            "netIncome": "-22487000"
        },
        {
            "fiscalDateEnding": "2018-07-31",
            "reportedCurrency": "USD",
            "grossProfit": "43117000",
            "totalRevenue": "56196000",
            "costOfRevenue": "66628000",
            "costofGoodsAndServicesSold": "16494000",
            "operatingIncome": "-27104000",
            "sellingGeneralAndAdministrative": "50134000",
            "researchAndDevelopment": "21430000",
            "operatingExpenses": "70221000",
            "investmentIncomeNet": "1518000",
            "netInterestIncome": "-1294000",
            "interestIncome": "None",
            "interestExpense": "1294000",
            "nonInterestIncome": "59611000",
            "otherNonOperatingIncome": "-656000",
            "depreciation": "None",
            "depreciationAndAmortization": "806000",
            "incomeBeforeTax": "-27582000",
            "incomeTaxExpense": "200000",
            "interestAndDebtExpense": "1294000",
            "netIncomeFromContinuingOperations": "-31200000",
            "comprehensiveIncomeNetOfTax": "-27848000",
            "ebit": "-26288000",
            "ebitda": "-29762000",
            "netIncome": "-27782000"
        }
    ]
}